@article {2015:bayessurvsign,
  author = {Aslett, Louis and Coolen, Frank and Wilson, Simon},
  title = {Bayesian Inference for Reliability of Systems and Networks Using the Survival Signature},
  journal = {Risk Analysis},
  volume = {35},
  issue = {9},
  pages = {1640--1651},
  issn = {1539-6924},
  url = {http://dx.doi.org/10.1111/risa.12228},
  doi = {10.1111/risa.12228},
  keywords = {Bayesian methods, networks, nonparametrics, parametric lifetime distributions, system reliability},
  year = {2015},
}

@incollection{2012:survsign,
  year={2012},
  noisbn={978-3-642-30661-7},
  booktitle={Complex Systems and Dependability},
  volume={170},
  series={Advances in Intelligent and Soft Computing},
  noeditor={Zamojski, Wojciech and Mazurkiewicz, Jacek and Sugier, Jaros≈Çaw and Walkowiak, Tomasz and Kacprzyk, Janusz},
  editor={Zamojski, W. and Mazurkiewicz, J. and Sugier, J. and Walkowiak, T. and Kacprzyk, J.},
  doi={10.1007/978-3-642-30662-4_8},
  title={Generalizing the Signature to Systems with Multiple Types of Components},
  nourl={http://dx.doi.org/10.1007/978-3-642-30662-4_8},
  publisher={Springer},
  author={Coolen, Frank and Coolen-Maturi, Tahani},
  pages={115-130},
  nolanguage={English}
}

@phdthesis{2013:diss-gw,
    author    = "G. Walter",
    title     = "Generalized {B}ayesian Inference under Prior-Data Conflict",
    year      = "2013",
    school    = "Department of Statistics, LMU Munich",
    url = {http://edoc.ub.uni-muenchen.de/17059/},
}

@article{2009:WalterAugustin,
    Author = {Gero Walter and Thomas Augustin},
    Title = {Imprecision and Prior-data Conflict in Generalized {B}ayesian Inference},
    Journal = {Journal of Statistical Theory and Practice},
    Pages = {255--271},
    Volume = {3},
    Year = {2009},
    url = {http://dx.doi.org/10.1080/15598608.2009.10411924},
    doi = {10.1080/15598608.2009.10411924}
}

@book{2000:bernardosmith,
    Title = {Bayesian Theory},
    Author = {Bernardo, J. and Smith, A.},
    Publisher = {Wiley},
    Address = {Chichester},
    Year = {2000}
}

@book{1991:walley,
  author = {Walley, P.},
  title = {Statistical Reasoning with Imprecise Probabilities},
  publisher = {Chapman and Hall},
  address = {London},
  year = {1991},
  keywords = {defensefurther},
}



@book{BP75,
    author = {Barlow, R.E. and Proschan, F.},
    year = {1975},
    title = {Statistical Theory of Reliability and Life Testing},
    publisher = {Holt, Rinehart and Winston, Inc.},
    address = {New York}
}

@book{DF74,
    author = {De Finetti, B},
    year = {1974},
    title ={Theory of Probability},
    publisher = {Wiley},
    address = {Chichester}
}

@book{Sa07,
  author = {Samaniego, F.J.},
  year = {2007},
  title = {System Signatures and their Applications in Engineering Reliability},
  publisher = {Springer},
  address = {New York}
}

@article{CCM15,
  author = {Coolen, F.P.A. and Coolen-Maturi, T},
  year = {2015},
  title = {Predictive inference for system reliability after common-cause component failures},
  journal = {Reliability Engineering and System Safety},
  volume = {135},
  pages = {27--33}
}

@article{CCMA14,
  author = {Coolen, F.P.A. and Coolen-Maturi, T. and Al-nefaiee, A.H.},
  year = {2014},
  title = {Nonparametric predictive inference for system reliability using the survival signature},
  journal = {Journal of Risk and Reliability},
  volume = {228},
  pages = {437--448}
}

@incollection{Co11,
  author = {Coolen, F.P.A.},
  year = {2011},
  title = {Nonparametric predictive inference.},
  booktitle = {International Encyclopedia of Statistical Science},
  editor = {Lovric, M.}, 
  address={Berlin},
  publisher={Springer},
  pages = {968--970}
}

@misc{CCM16,
  author = {Coolen, F.P.A. and Coolen-Maturi, T.}, 
  title = {The structure function for system reliability as predictive (imprecise) probability},
  year = {2016},
  howpublished = {Invited revised version in submission to Reliability Engineering and System Safety}
}

@book{itip,
    title = "Introduction to Imprecise Probabilities",
    publisher = "Wiley",
    address = "New York",
    year      = "2014",
    author    = "Thomas Augustin and Frank Coolen and Gert de Cooman and Matthias Troffaes",
    isbn = {978-0-470-97381-3},
}

@incollection{CU11,
  author = {Coolen, F.P.A. and Utkin, L.V.},
  title = {Imprecise reliability},
  year = {2011},
  booktitle = {International Encyclopedia of Statistical Science},
  editor = {Lovric, M.}, 
  address={Berlin},
  publisher={Springer},
  pages = {649--650}
}

@misc{2015:aslett-RT,
  author = {Aslett, L.J.M},
  title = {{ReliabilityTheory}: Tools for structural reliability analysis},
  year = {2016},
  howpublished = {R package},
  url = {http://www.louisaslett.com}
}

@Manual{R,
    title = {R: A Language and Environment for Statistical Computing},
    author = {{R Core Team}},
    organization = {R Foundation for Statistical Computing},
    address = {Vienna, Austria},
    year = {2016},
    url = {https://www.R-project.org/},
  }

@article{Troffaes2013a-short,
    Longauthor = {Matthias C. M. Troffaes and Gero Walter and Dana L. Kelly},
    Author = {Matthias Troffaes and Gero Walter and Dana Kelly},
    Title = {A Robust {B}ayesian Approach to Modelling Epistemic Uncertainty in Common-Cause Failure Models},
    Year = {2013},
    journal = {Reliability Engineering \& System Safety},
    volume = {125},
    pages = {13--21},
    url = {http://dx.doi.org/10.1016/j.ress.2013.05.022},
    doi = {10.1016/j.ress.2013.05.022},
}

@article{2006:evans,
    Author = {M. Evans and H. Moshonov},
    Journal = {Bayesian Analysis},
    Pages = {893--914},
    Title = {Checking for Prior-Data Conflict},
    Volume = {1},
    Year = {2006},
    Url = {http://projecteuclid.org/euclid.ba/1340370946},
}

@article{2015:bickel,
    Author = {Bickel, D.R.},
    Journal = {International Journal of Approximate Reasoning},
    Pages = {53--72},
    Title = {Inference after checking multiple {B}ayesian models for data conflict and applications to mitigating the influence of rejected priors},
    Volume = {66},
    Year = {2015},
    Url = {http://dx.doi.org/10.1016/j.ijar.2015.07.012},
}

@article{1958:kaplan-meier,
    author = {E.L. Kaplan and P. Meier},
    year = {1958},
    title = {Nonparametric estimation from incomplete observations},
    journal = {Journal of the American Statistical Association},
    volume = {53},
    issue = {282},
    pages = {457--481}
}

@article{2004:coolen-yan,
    author = {F.P.A. Coolen and K.J. Yan},
    year = {2004},
    title = {Nonparametric predictive inference with right-censored data},
    journal = {Journal of Statistical Planning and Inference},
    volume = {126},
    issue = {1},
    pages = {25--54}
}

@book{shaked2007,
	Author = {M. Shaked and J.G. Shanthikumar},
	Doi = {10.1007/978-0-387-34675-5},
	Edition = {1},
	Publisher = {Springer},
	Title = {Stochastic orders},
	Year = {2007},
  Address = {New York},
}

@article{klenke2010,
  title={Stochastic ordering of classical discrete distributions},
  author={A. Klenke and L. Mattner},
  journal={Advances in Applied Probability},
  volume={42},
  number={2},
  pages={392--410},
  year={2010},
  publisher={Applied Probability Trust}
}

